@techreport{Enderlin10,
  inhal       = {no},
  domainehal  = {INFO:INFO_SE, INFO:INFO_MO},
  equipe      = {vesontio},
  classement  = {*},
  author      = {Enderlin, Ivan and Ben Othman, Abdallah and Dadeau, Fr\'ed\'eric and
                Giorgetti, Alain},
  title       = {{R}ealistic {D}omains for {U}nit {T}ests {G}eneration},
  institution = {LIFC - Laboratoire d'{I}nformatique de l'{U}niversit\'{e} de
                {F}ranche {C}omt\'{e}},
  type        = {Research Report},
  number      = {RR2010-01},
  pdf         = {http://lifc.univ-fcomte.fr/~publis/papers/pub/2010/RR2010-01.pdf},
  month       = sep,
  year        = 2010
}

@inproceedings{EnderlinDGO11,
  author    = {Ivan Enderlin and
               Fr{\'e}d{\'e}ric Dadeau and
               Alain Giorgetti and
               Abdallah Ben Othman},
  title     = {{Praspel: A Specification Language for Contract-Based Testing
               in PHP}},
  booktitle = {ICTSS},
  year      = {2011},
  pages     = {64-79},
  ee        = {http://dx.doi.org/10.1007/978-3-642-24580-0_6},
  crossref  = {DBLP:conf/pts/2011},
  bibsource = {DBLP, http://dblp.uni-trier.de}
}

@proceedings{DBLP:conf/pts/2011,
  editor    = {Burkhart Wolff and
               Fatiha Za\"{\i}di},
  title     = {{Testing Software and Systems - 23rd IFIP WG 6.1 International
               Conference, ICTSS 2011, Paris, France, November 7-10, 2011.
               Proceedings}},
  booktitle = {ICTSS},
  publisher = {Springer},
  series    = {Lecture Notes in Computer Science},
  volume    = {7019},
  year      = {2011},
  isbn      = {978-3-642-24579-4},
  ee        = {http://dx.doi.org/10.1007/978-3-642-24580-0},
  bibsource = {DBLP, http://dblp.uni-trier.de}
}

@inproceedings{EnderlinDGB12,
  author    = {Ivan Enderlin and
               Fr{\'e}d{\'e}ric Dadeau and
               Alain Giorgetti and
               Fabrice Bouquet},
  title     = {{Grammar-Based Testing Using Realistic Domains in PHP}},
  booktitle = {ICST},
  year      = {2012},
  pages     = {509-518},
  ee        = {http://doi.ieeecomputersociety.org/10.1109/ICST.2012.136},
  crossref  = {DBLP:conf/icst/2012},
  bibsource = {DBLP, http://dblp.uni-trier.de}
}

@proceedings{DBLP:conf/icst/2012,
  editor    = {Giuliano Antoniol and
               Antonia Bertolino and
               Yvan Labiche},
  title     = {{2012 IEEE Fifth International Conference on Software Testing,
               Verification and Validation, Montreal, QC, Canada, April
               17-21, 2012}},
  booktitle = {ICST},
  publisher = {IEEE},
  year      = {2012},
  isbn      = {978-1-4577-1906-6},
  ee        = {http://ieeexplore.ieee.org/xpl/mostRecentIssue.jsp?punumber=6200016},
  bibsource = {DBLP, http://dblp.uni-trier.de}
}
